@article{fan08,
  title={LIBLINEAR: A library for large linear classification},
  author={Fan, Rong-En and Chang, Kai-Wei and Hsieh, Cho-Jui and Wang, Xiang-Rui and Lin, Chih-Jen},
  journal={The Journal of Machine Learning Research},
  volume={9},
  pages={1871--1874},
  year={2008},
  publisher={JMLR. org}
}

@article{cortes1995,
  title={Support-vector networks},
  author={Cortes, Corinna and Vapnik, Vladimir},
  journal={Machine learning},
  volume={20},
  number={3},
  pages={273--297},
  year={1995},
  publisher={Springer}
}

 @misc{ wiki:hooke,
   author = "Wikipedia",
   title = "Hooke's law --- Wikipedia{,} The Free Encyclopedia",
   year = "2015",
   url = "https://en.wikipedia.org/w/index.php?title=Hooke%27s_law&oldid=695443579",
   note = "[Online; accessed 17-December-2015]"
 }

@misc{ wiki:damping,
author = "Wikipedia",
title = "Damping --- Wikipedia{,} The Free Encyclopedia",
year = "2015",
url = "https://en.wikipedia.org/w/index.php?title=Damping&oldid=688573984",
note = "[Online; accessed 17-December-2015]"
}
